@techreport{BlomH13,
  title={Witnessing the Elimination of Magic Wands},
  author={Stefan Blom and Marieke Huisman},
  institution={CTIT},
  year=2013
}

@misc{BlomHM13,
  title={Specification and verification of GPGPU programs},
  author={Stefan Blom and Marieke Huisman and Matej Mihel\v{c}i\'{c}},
  remark={accepted for SCP},
  year=2013
}

@inproceedings{LeinoMS09short,
  title = "Verification of concurrent programs with {Chalice}",
  author = "K.R.M. Leino and  P. M{\"u}ller and J. Smans",
  series = "LNCS",
  publisher = "Springer",
  volume = 5705,
  booktitle = "FOSAD",
  year = 2009,
  pages = "195-222",
}

@misc{vercors-tool-website,
  key="VerCors",
  title="The VerCors tool online",
  note="\url{http://www.utwente.nl/vercors/}"
}

@misc{modules-website,
  key="Modules",
  title="The Environment Modules Project",
  note="\url{http://modules.sourceforge.net}"
}
